<?xml version="1.0" encoding="UTF-8"?><record xmlns="http://www.loc.gov/MARC21/slim" xmlns:cinclude="http://apache.org/cocoon/include/1.0" xmlns:zs="http://www.loc.gov/zing/srw/">
  <leader>00382cz  a2200133n  4500</leader>
  <controlfield tag="001">n  78004334 </controlfield>
  <controlfield tag="003">DLC</controlfield>
  <controlfield tag="005">19970805110821.5</controlfield>
  <controlfield tag="008">780206n| acannaab|          |n aaa |||  </controlfield>
  <datafield tag="010" ind1=" " ind2=" ">
    <subfield code="a">n  78004334 </subfield>
  </datafield>
  <datafield tag="040" ind1=" " ind2=" ">
    <subfield code="a">DLC</subfield>
    <subfield code="c">DLC</subfield>
    <subfield code="d">DLC</subfield>
  </datafield>
  <datafield tag="100" ind1="1" ind2="0">
    <subfield code="a">Pacini, Gian Piero</subfield>
  </datafield>
  <datafield tag="670" ind1=" " ind2=" ">
    <subfield code="a">Meersseman, G.G. Ordo fraternitatis, 1977 (a.e.)</subfield>
    <subfield code="b">t.p. (Gian Piero Pacini)</subfield>
  </datafield>
  <datafield tag="670" ind1=" " ind2=" ">
    <subfield code="a">It 78-Jan</subfield>
    <subfield code="b">(Pacini, Gian Piero)</subfield>
  </datafield>
</record>